@book{kalifa2011civilisation,
  title={La civilisation du journal: histoire culturelle et litt{\'e}raire de la presse fran{\c{c}}aise au XIXe si{\`e}cle},
  author={Kalifa, Dominique and R{\'e}gnier, Philippe and Th{\'e}renty, Marie-{\`E}ve},
  publisher={Nouveau monde {\'e}d.},
  year={2011}
}

@article{
  author = {Aurenche, Marie-Laure},
  title = {La presse de vilgarisation pu la m√©diation des savoirs},
  journal = {La civilisation du journal: histoire culturelle et litt{\'e}raire de la presse fran{\c{c}}aise au XIXe si{\`e}cle},
  publisher={Nouveau monde {\'e}d.},
  year={2011},
  pages={pp.~383-405}
}

@article{
  author = {Barel-Moisan, Claire},
  title = {{\'E}crire pour instruire},
  journal = {La civilisation du journal: histoire culturelle et litt{\'e}raire de la presse fran{\c{c}}aise au XIXe si{\`e}cle},
  publisher={Nouveau monde {\'e}d.},
  year={2011},
  pages={pp.~746-771}
}

@article{
  author = {Andries, Lise},
  title = {Vulgarisation scientifique et naissance de la culture g{\'e}n{\'e}rale},
  journal = {La civilisation du journal: histoire culturelle et litt{\'e}raire de la presse fran{\c{c}}aise au XIXe si{\`e}cle},
  publisher={Nouveau monde {\'e}d.},
  year={2011},
  pages={pp.~1467-1482}
}

@article{
  author = {Rasmussen, Anne},
  title = {Vulgarisation scientifique et naissance de la culture g{\'e}n{\'e}rale},
  journal = {La civilisation du journal: histoire culturelle et litt{\'e}raire de la presse fran{\c{c}}aise au XIXe si{\`e}cle},
  publisher={Nouveau monde {\'e}d.},
  year={2011},
  pages={pp.~1467-1482}
}
